<record><leader>00000cas a22000007a 4500</leader><controlfield tag="001">11414417</controlfield><controlfield tag="008">841121d18791915nyuwr ne      0    0eng d</controlfield><datafield ind1=" " ind2=" " tag="010"><subfield code="a">sn 84031798 </subfield></datafield><datafield ind1=" " ind2=" " tag="040"><subfield code="a">NYG</subfield><subfield code="b">eng</subfield><subfield code="c">NYG</subfield><subfield code="d">NPX</subfield><subfield code="d">NYS</subfield><subfield code="d">OCLCQ</subfield><subfield code="d">OCLCO</subfield></datafield><datafield ind1=" " ind2=" " tag="042"><subfield code="a">msc</subfield></datafield><datafield ind1="0" ind2="0" tag="245"><subfield code="a">Groton and Lansing journal.</subfield></datafield><datafield ind1=" " ind2=" " tag="260"><subfield code="a">Groton and Lansing, Tompkins County, N.Y. :</subfield><subfield code="b">Journal Print. Co.</subfield></datafield><datafield ind1=" " ind2=" " tag="300"><subfield code="a">v. ;</subfield><subfield code="c">66 cm.</subfield></datafield><datafield ind1=" " ind2=" " tag="310"><subfield code="a">Weekly</subfield></datafield><datafield ind1="1" ind2=" " tag="362"><subfield code="a">Began with Oct. 16, 1879 issue.</subfield><subfield code="z">Cf. Faibisoff, S.G. Bibl. of newspapers in 14 N.Y. counties.</subfield></datafield><datafield ind1="0" ind2=" " tag="362"><subfield code="a">-v. 49, no. 29 (Mar. 24, 1915).</subfield></datafield><datafield ind1=" " ind2=" " tag="588"><subfield code="a">Description based on: Vol. 14, no. 47 (Sept. 9, 1880).</subfield></datafield><datafield ind1=" " ind2="0" tag="651"><subfield code="a">Groton (N.Y.)</subfield><subfield code="v">Newspapers.</subfield></datafield><datafield ind1=" " ind2="0" tag="651"><subfield code="a">Lansing (N.Y.)</subfield><subfield code="v">Newspapers.</subfield></datafield><datafield ind1=" " ind2=" " tag="752"><subfield code="a">United States</subfield><subfield code="b">New York</subfield><subfield code="c">Tompkins</subfield><subfield code="d">Groton.</subfield></datafield><datafield ind1=" " ind2=" " tag="752"><subfield code="a">United States</subfield><subfield code="b">New York</subfield><subfield code="c">Tompkins</subfield><subfield code="d">Lansing.</subfield></datafield><datafield ind1="0" ind2="0" tag="780"><subfield code="t">Groton journal</subfield><subfield code="w">(DLC)sn 83031184</subfield></datafield><datafield ind1="0" ind2="7" tag="785"><subfield code="t">Locke courier</subfield><subfield code="w">(DLC)sn 90066498</subfield></datafield><datafield ind1="0" ind2="7" tag="785"><subfield code="t">Groton and Lansing journal and Locke courier</subfield><subfield code="w">(DLC)sn 84031797</subfield><subfield code="w">(OCoLC)11414615</subfield></datafield></record>